This file was created with JabRef 2.2.
Encoding: Cp1252

@STRING{a = {Automatica}}

@STRING{cge = {Control Engineering Practice}}

@STRING{el = {Electronic Letters}}

@STRING{ieeeac = {IEEE Transactions on Automatic Control}}

@STRING{ieeesp = {IEEE Transactions on Signal Processing}}

@STRING{ijbc = {International Journal of Bifurcation and Chaos}}

@STRING{jpa = {Journal of Physics A}}

@STRING{jsp = {Journal of Statistical Physics}}

@STRING{n = {Nature}}

@STRING{pd = {Physica D}}

@STRING{pl = {Physical Letter}}

@STRING{pr = {Physical Review}}

@STRING{pra = {Physical Review. {\rm A}}}

@STRING{pre = {Physical Review {\rm E}}}

@STRING{prl = {Physical Review Letters}}

@STRING{jastp = {Journal of Atmospheric and Solar-Terrestrial Physics}}

@string{pla = "Phys Lett A"}
@string{pl = "Phys Lett"}
@string{pra = "Phys Rev A"}
@string{pd = "Physica D"}
@string{jsv = "J Sound Vibr"}
@string{jcsc = "J Circuits, Systems and Computers"}
@string{ijbc = "Int J Bifurcation Chaos"}
@string{ieeetcas = "IEEE Trans Circuits and Syst"}
@string{jrssb = "J R Stat Soc {\rm B}"}
@string{cs = "Complex Systems"}
@string{pre = "Phys Rev E"}
@string{prl = "Phys Rev Lett"}
@string{n = "Nature"}
@string{zn = "Z Naturforsch"}
@string{jfi = "J Franklin Inst"}
@string{jp = "J Physiol (London)"}
@string{aism = "Ann Inst Stat Math"}
@string{ieeetac = "IEEE Trans Autom Control"}
@string{ajp = "Amer J Physiol"}
@string{s = "Science"}
@string{neph = "Nephron"}
@string{geo = "Geophysics"}
@string{pieee = "Proc IEEE"}
@string{arp = "Annu Rev Physiol"}
@string{jacc = "J Am Coll Cardiol"}
@string{mi = "Med Inform"}
@string{ijbmc = "Int J Bio-Med Comput"}
@string{ieeetbe = "IEEE Trans Biomed Eng"}
@string{ahj = "Am Heart J"}
@string{diab = "Diabetes"}
@string{jap = "J Appl Physiol"}
@string{psyc = "Psychol Rev"}
@string{psycho = "Psychophysiology"}
@string{pha = "Pharmacol Rev"}
@string{mbec = "Med Biol Eng Comput"}
@string{circ = "Circulation"}
@string{ieeetae = "IEEE Trans Audio Electroacoust."}
@string{pbr = "Prog Brain Res"}
@string{sa = "Sci Am"}
@string{neuro = "Neuroscience"}
@string{jans = "J Autonom Nerv Syst"}
@string{ieeetassp = "IEEE Trans Acoust Speech Signal Process"}
@string{ajc = "Amer J Cardiol"}
@string{cbr = "Comput Biomed Res"}
@string{jh = "J Hypertens"}
@string{br = "Brain Res"}
@string{brr = "Brain Res Rev"}
@string{mc = "Math Comput"}
@string{ieeetit = "IEEE Trans Inform Theory"}
@string{ehj = "Eur Heart J"}
@string{riis = "Rev Inst Int Statist"}
@string{ieeespm = "IEEE Signal Proc Mag"}
@string{jcva = "J Cardiothorac Vasc Anesth"}
@string{jcp = "J Cardiovasc Pharmacol"}
@string{ehd = "Early Hum Dev"}
@string{aim = "Artif Intell Med"}
@string{cdt = "Cardiovasc Drug Therapy"}
@string{cr = "Cardiovasc Res"}
@string{car = "Clin Auton Res"}
@string{jicm = "J Intensive Care Med"}
@string{coc = "Curr Opin Cardiol"}
@string{mim = "Methods Inform Med"}
@string{ppce = "Pace-Pac Clin Electrophys"}
@string{natma = "Nonlinear Anal - Theor Meth App"}
@string{csc = "Clin Sci"}
@string{ijc = "Int J Cardiol"}
@string{ipbs = "Integrat Physiol Behav Sci"}
@string{pnasu = "Proc Nat Acad Sci USA"}
@string{je = "J Electrocardiol"}
@string{aa = "Anesth Analg"}
@string{csf = "Chaos Soliton Fractal"}
@string{ijao = "Int J Artif Organs"}
@string{nhspam = "New Horiz -- Sci Pract Acute Med"}
@string{bc = "Biol Cybern"}
@string{el = "Europhys Lett"}
@string{jmm = "J Molecular Med"}
@string{jhlt = "J Heart Lung Transplant"}
@string{mcm = "Math Comput Modelling"}
@string{jama = "JAMA - J Am Med Assn"}
@string{ajog = "Amer J Obstet Gynecol"}
@string{bj = "Biophys J"}
@string{ao = "Artif Organs"}
@string{jpm = "J Perinat Med"}
@string{ijao = "Int J Artif Organs"}
@string{jcn = "J Clin Neurophysiol"}
@string{jim = "J Intern Med"}
@string{hb = "Hum Biol"}
@string{bp = "Biol Psychiatry"}
@string{anyas = "Ann N Y Acad Sci"}
@string{epes = "Electrical Power Energy Systems"}
@string{ieeetops = "IEEE Trans on Power Systems"}
@string{epsr = "Electric Power Systems Research"}
@string{sc = "Statistical Science"}
@string{eis = "Engineering Intelligent Systems"}
@string{ecn = "Electroencephalography and Clinical Neurophysiology"}
@string{ijf = "International Journal of Forecasting"}
@string{nca = "Neural Comput \& Applic"}
@string{ijec = "Int. J. Electron. Commun."}


@article{krikelis2021,
	title={Artificial neural network hysteresis operators for the identification of {H}ammerstein hysteretic systems},
	author={Krikelis, Konstantinos and van Berkel, Koos and Schoukens, Maarten},
	journal={IFAC-PapersOnLine},
	volume={54},
	number={7},
	pages={702--707},
	year={2021},
	publisher={Elsevier}
}

@article{chiuso2007,
	title={On the relation between {CCA} and predictor-based subspace identification},
	author={Chiuso, Alessandro},
	journal={IEEE Transactions on Automatic Control},
	volume={52},
	number={10},
	pages={1795--1812},
	year={2007},
	publisher={IEEE}
}

@inproceedings{santos2023,
	title={Identificação de Modelos de {H}ammerstein Multivariáveis com Não Linearidades Estáticas Fortes},
	author={Santos, Lu\'{i}s H and Ricco, Rodrigo A and Teixeira, Bruno OS},
	booktitle={XVI Simpósio Brasileiro de Automação Inteligente (SBAI 2023)}, 
	address={Manaus, Brasil},
	year={2023}
}

@inproceedings{santos2024,
	title={Identification of Multivariable {H}ammerstein Systems with Hysteresis Nonlinearities},
	author={Santos, Lu\'{i}s H and Ricco, Rodrigo A and Teixeira, Bruno OS},
	booktitle={Não submetido}, 
	year={2024}
}

@book{fitzgerald2003,
	title={Electric machinery.},
	author={Fitzgerald, Arthur Eugene and Kingsley, Charles and Umans, Stephen D},
	year={2003},
	volume={1},
	edition = {6ª},
	pages={703},
	publisher={McGraw-Hill}
}

@article{zeng2000,
	author={Ke Zeng and Nai-Yao Zhang and Wen-Li Xu},
	journal={IEEE Transactions on Fuzzy Systems}, 
	title={A comparative study on sufficient conditions for {Takagi-Sugeno} fuzzy systems as universal approximators}, 
	year={2000},
	volume={8},
	number={6},
	pages={773-780}
}


@article{hornik1989,
	title = {Multilayer feedforward networks are universal approximators},
	journal = {Neural Networks},
	volume = {2},
	number = {5},
	pages = {359-366},
	year = {1989},
	issn = {0893-6080},
	author = {Kurt Hornik and Maxwell Stinchcombe and Halbert White}
}

@book{box1987,
	title={Empirical model-building and response surfaces.},
	author={Box, George E P and Draper, Norman R},
	year={1987},
	volume={8},
	number={3},
	pages={424},
	publisher={John Wiley \& Sons}
}

@article{aissaoui2016,
	title={Subspace Identification of {Hammerstein} Model with Unified Discontinuous Nonlinearity},
	author={Aissaoui, Borhen and Soltani, Mo{\^e}z and Chaari, Abdelkader and others},
	journal={Mathematical Problems in Engineering},
	volume={2016},
	year={2016},
	publisher={Hindawi}
}

@book{ruano2005,
	title={Intelligent control systems using computational intelligence techniques},
	author={Ruano, Ant{\'o}nio E},
	volume={70},
	year={2005},
	publisher={IET Institution of Engineering and Technology}
}


@article{jha2020,
	title={An Analysis of Current Supply Chain Best Practices in Die Casting Industry},
	author={Jha, Prakash R and Patil, Sonali M and Manjunath},
	journal={IJRASET International Journal for Research in Applied Science \& Engineering Technology},
	volume={8},
	number={1},
	pages={633--644},
	year={2020}
}


@book{dorf2011,
	title={Modern control systems},
	author={Dorf, Richard C and Bishop, Robert H},
	publisher = {Prentice Hall, Upper Saddle River, NJ},
	year={2011}
}

@article{eskinat1991,
	title={Use of {H}ammerstein models in identification of nonlinear systems},
	author={Eskinat, Esref and Johnson, Stanley H and Luyben, William L},
	journal={AIChE Journal},
	volume={37},
	number={2},
	pages={255--268},
	year={1991},
	publisher={Wiley Online Library}
}

@book{van2012,
	title={Subspace identification for linear systems: Theory—Implementation—Applications},
	author={{Van Overschee}, Peter and {De Moor}, Bart},
	year={2012},
	publisher={Springer Science \& Business Media}
}

@article{zadeh1965,
	title={Fuzzy sets},
	author={Zadeh, Lotfi A},
	journal={Information and control},
	volume={8},
	number={3},
	pages={338--353},
	year={1965},
	publisher={Elsevier}
}

@book{sumathi2010,
	title={Computational intelligence paradigms: theory \& applications using {MATLAB}},
	author={Sumathi, Sai and Paneerselvam, Surekha},
	year={2010},
	publisher={crc Press}
}


@article{babuska2003,
	title={Neuro-fuzzy methods for nonlinear system identification},
	author={Babu{\v{s}}ka, Robert and Verbruggen, Henk},
	journal={Annual reviews in control},
	volume={27},
	number={1},
	pages={73--85},
	year={2003},
	publisher={Elsevier}
}

@ARTICLE{schetzen1981,
	author={Schetzen, M.},
	journal={Proceedings of the IEEE}, 
	title={Nonlinear system modeling based on the {W}iener theory}, 
	year={1981},
	volume={69},
	number={12},
	pages={1557-1573}
}

@article{billings1982,
	title={Identification of systems containing linear dynamic and static nonlinear elements},
	author={Billings, Stephen A and Fakhouri, S Y},
	journal={Automatica},
	volume={18},
	number={1},
	pages={15--26},
	year={1982},
	publisher={Elsevier}
}


@article{bowers1995,
	title = {A two-phase model for planning the production of aluminum ingot},
	journal = {European Journal of Operational Research},
	volume = {81},
	number = {1},
	pages = {105-114},
	year = {1995},
	issn = {0377-2217},
	doi = {https://doi.org/10.1016/0377-2217(93)E0233-N},
	url = {https://www.sciencedirect.com/science/article/pii/0377221793E0233N},
	author = {M.R. Bowers and L.A. Kaplan and T.L. Hooker}
}

@article{song2006,
	title={Generalized {Bouc--Wen} model for highly asymmetric hysteresis},
	author={Song, Junho and {Der Kiureghian}, Armen},
	journal={Journal of engineering mechanics},
	volume={132},
	number={6},
	pages={610--618},
	year={2006},
	publisher={American Society of Civil Engineers}
}


@article{hu2003,
	title = {On the classical {Preisach} model for hysteresis in piezoceramic actuators},
	journal = {Mechatronics},
	volume = {13},
	number = {2},
	pages = {85-94},
	year = {2003},
	issn = {0957-4158},
	author = {H. Hu and R. {Ben Mrad}}
}


@Book{mayergoyz1991,
	title     = {Mathematical Models of Hysteresis},
	publisher = {Springer},
	year      = {1991},
	author    = {Mayergoyz, I D},
	address   = {New York, NY}
}



@article{habineza2015,
	author={Habineza, Didace and Rakotondrabe, Micky and Le Gorrec, Yann},
	journal={IEEE Transactions on Control Systems Technology}, 
	title={{Bouc–Wen} Modeling and Feedforward Control of Multivariable Hysteresis in Piezoelectric Systems: Application to a {3-DoF} Piezotube Scanner}, 
	year={2015},
	volume={23},
	number={5},
	pages={1797-1806},
	doi={10.1109/TCST.2014.2386779}}

@article{rakotondrabe2017,
	title={Multivariable classical {Prandtl--Ishlinskii} hysteresis modeling and compensation and sensorless control of a nonlinear {2-DoF} piezoactuator},
	author={Rakotondrabe, Micky},
	journal={Nonlinear Dynamics},
	volume={89},
	number={1},
	pages={481--499},
	year={2017},
	publisher={Springer}
}


@inproceedings{aljanaideh2007,
	author={{Al Janaideh}, Mohammad and Rakheja, Subhash and Su, Chun Yi},
	booktitle={2007 IEEE International Conference on Control Applications}, 
	title={A Generalized {Prandtl-Ishlinskii} Model for Characterizing Rate Dependent Hysteresis}, 
	year={2007},
	volume={},
	number={},
	pages={343-348},
	doi={10.1109/CCA.2007.4389254}}

@article{wang2020,
	title={A new hysteresis modeling and optimization for piezoelectric actuators based on asymmetric Prandtl-Ishlinskii model},
	author={Wang, Wen and Wang, Ruijin and Chen, Zhanfeng and Sang, Zhiqian and Lu, Keqing and Han, Fuming and Wang, Jian and Ju, Bingfeng},
	journal={Sensors and Actuators A: Physical},
	volume={316},
	pages={112431},
	year={2020},
	publisher={Elsevier}
}

@article{qin2017,
	title={Modeling and identification of the rate-dependent hysteresis of piezoelectric actuator using a modified {Prandtl-Ishlinskii} model},
	author={Qin, Yanding and Zhao, Xin and Zhou, Lu},
	journal={Micromachines},
	volume={8},
	number={4},
	pages={114},
	year={2017},
	publisher={MDPI}
}



@article{gan2016,
	title={A generalized {Prandtl-Ishlinskii} model for characterizing the rate-independent and rate-dependent hysteresis of piezoelectric actuators},
	author={Gan, Jinqiang and Zhang, Xianmin and Wu, Heng},
	journal={Review of Scientific Instruments},
	volume={87},
	number={3},
	year={2016},
	publisher={AIP Publishing}
}


@book{katayama2005,
	title={Subspace methods for system identification},
	author={Katayama, Tohru},
	volume={1},
	year={2005},
	publisher={Springer}
}

@article{li2010,
	title={Parameter identification for {PEM} fuel-cell mechanism model based on effective informed adaptive particle swarm optimization},
	author={Li, Qi and Chen, Weirong and Wang, Youyi and Liu, Shukui and Jia, Junbo},
	journal={IEEE Transactions on Industrial Electronics},
	volume={58},
	number={6},
	pages={2410--2419},
	year={2010},
	publisher={IEEE}
}



@article{savoie2022,
	title={Temperature-dependent asymmetric {Prandtl--Ishlinskii} hysteresis model for piezoelectric actuators},
	author={Savoie, Marc and Shan, Jinjun},
	journal={Smart Materials and Structures},
	volume={31},
	number={5},
	pages={055022},
	year={2022},
	publisher={IOP Publishing}
}




@inproceedings{wang2012,
	author={Wang, Zhenyan and Zhang, Zhen and Mao, Jianqin and Kemin Zhou},
	booktitle={2012 24th Chinese Control and Decision Conference (CCDC)}, 
	title={A {H}ammerstein-based model for rate-dependent hysteresis in piezoelectric actuator}, 
	year={2012},
	volume={},
	number={},
	pages={1391-1396},
	doi={10.1109/CCDC.2012.6244223}}


@inproceedings{aljanaideh2019,
	author={Aljanaideh, Khaled F. and Al{ }Janaideh, Mohammad and Rakotondrabe, Micky and Kundur, Deepa},
	booktitle={2019 American Control Conference (ACC)}, 
	title={Identification of {H}ammerstein Systems with Rate-Dependent Hysteresis Nonlinearities in a Class of Smart Material-Based Actuators}, 
	year={2019},
	volume={},
	number={},
	pages={2495-2500},
	doi={10.23919/ACC.2019.8815166}}


@article{gao2015,
	title={Identification and control for {H}ammerstein systems with hysteresis non-linearity},
	author={Gao, Xuehui and Ren, Xuemei and Zhu, Changsheng and Zhang, Chengyuan},
	journal={IET Control Theory \& Applications},
	volume={9},
	number={13},
	pages={1935--1947},
	year={2015},
	publisher={Wiley Online Library}
}

@article{kwac2010,
	title={Nano Positioning Control for Ultra-precision Machining using Inverse Hysteresis Model},
	author={Kwac, Lee Ku and Kim, Hong Gun},
	journal={Advanced Materials Research},
	volume={123},
	pages={735--738},
	year={2010},
	publisher={Trans Tech Publ}
}


@article{gan2019,
	title={A review of nonlinear hysteresis modeling and control of piezoelectric actuators},
	author={Gan, Jinqiang and Zhang, Xianmin},
	journal={AIP Advances},
	volume={9},
	number={4},
	year={2019},
	publisher={AIP Publishing}
}


@article{tao2020,
	title={Hysteresis modeling with frequency-separation-based gaussian process and its application to sinusoidal scanning for fast imaging of atomic force microscope},
	author={Tao, Yi-Dan and Li, Han-Xiong and Zhu, Li-Min},
	journal={Sensors and Actuators A: Physical},
	volume={311},
	pages={112070},
	year={2020},
	publisher={Elsevier}
}

@article{tan2009,
	title={Modeling and control of hysteresis},
	author={Tan, Xiaobo and Iyer, Ram V},
	journal={IEEE Control Systems Magazine},
	volume={29},
	number={1},
	pages={26--28},
	year={2009},
	publisher={IEEE}
}

@article{hane2022,
	title={Hysteresis Modeling for Power Magnetic Devices Based on Magnetic Circuit Method},
	author={Hane, Y},
	journal={Journal of the Magnetics Society of Japan},
	volume={46},
	number={2},
	pages={22--36},
	year={2022},
	publisher={The Magnetics Society of Japan}
}


@inproceedings{oubellil2015,
	title={Experimental model inverse-based hysteresis compensation on a piezoelectric actuator},
	author={Oubellil, Raouia and Ryba, {\L}ukasz and Voda, Alina and Rakotondrabe, Micky},
	booktitle={19th International Conference on System Theory, Control and Computing (ICSTCC)},
	pages={186--191},
	year={2015},
	organization={IEEE}
}


@article{kortmann1987,
	title={Identification methods for nonlinear {MISO} systems},
	author={Kortmann, M and Unbehauen, H},
	journal={IFAC Proceedings Volumes},
	volume={20},
	number={5},
	pages={233--238},
	year={1987},
	publisher={Elsevier}
}



@article{verhaegen1996b,
	title={A subspace model identification solution to the identification of mixed causal, anti-causal {LTI} systems},
	author={Verhaegen, Michel},
	journal={SIAM Journal on Matrix Analysis and Applications},
	volume={17},
	number={2},
	pages={332--347},
	year={1996},
	publisher={SIAM}
}

@article{verhaegen1996,
	title={Identifying {MIMO} {H}ammerstein systems in the context of subspace model identification methods},
	author={Verhaegen, Michel and Westwick, David},
	journal={IFAC Proceedings Volumes},
	volume={29},
	number={1},
	pages={4092--4097},
	year={1996},
	publisher={Elsevier}
}

@article{aljanaideh2023,
	title={The {P}randtl--{I}shlinskii Hysteresis Model: Fundamentals of the Model and Its Inverse Compensator [Lecture Notes]},
	author={Al{ }Janaideh, Mohammad and Al Saaideh, Mohammad and Tan, Xiaobo},
	journal={IEEE Control Systems Magazine},
	volume={43},
	number={2},
	pages={66--84},
	year={2023},
	publisher={IEEE}
}

@Masterthesis{ricco2019,
	author = {Ricco, Rodrigo},
	year = {2019},
	month = {09},
	school = {Universidade Federal de Minas Gerais},
	title = {Identification of Dynamical Systems in State-space: Gray-box Approaches}
}


@article{aljanaideh2022,
	title={Identification of a class of precision motion systems with uncertain hysteretic nonlinearities},
	author={Aljanaideh, Khaled F and Al{ }Janaideh, Mohammad and Rakotondrabe, Micky and Al{ }Saaideh, Mohammad and Almomani, Abdallah M and Bani Hani, Muath A and Kundur, Deepa},
	journal={International Journal of Control},
	pages={1--18},
	year={2022},
	publisher={Taylor \& Francis}
}

@inproceedings{liu2022,
	title={Modeling of dynamic hysteresis nonlinearity for piezo-positioning actuators},
	author={Liu, Haotian and Han, Xue and Shang, Fengying and Zhang, Guilin},
	booktitle={2022 34th Chinese Control and Decision Conference (CCDC)},
	pages={5958--5963},
	year={2022},
	organization={IEEE}
}

@inproceedings{aljanaideh2018,
	title={Identification of precision motion systems with {P}randtl--{I}shlinskii hysteresis nonlinearities},
	author={Aljanaideh, Khaled F and Rakotondrabe, Micky and Al{ }Janaideh, Mohammad and Kundur, Deepa},
	booktitle={2018 Annual American Control Conference (ACC)},
	pages={5225--5230},
	year={2018},
	organization={IEEE}
}





@article{qi2009,
	title={Proton exchange membrane fuel cell modeling based on adaptive focusing particle swarm optimization},
	author={Qi, Li and Weirong, Chen and Junbo, Jia and Thean, Cham Yew and Ming, Han},
	journal={Journal of renewable and sustainable energy},
	volume={1},
	number={1},
	pages={013105},
	year={2009},
	publisher={American Institute of Physics}
}


@article{yang2013,
	title={Parameter identification of the generalized {P}randtl--{I}shlinskii model for piezoelectric actuators using modified particle swarm optimization},
	author={Yang, Mei-Ju and Gu, Guo-Ying and Zhu, Li-Min},
	journal={Sensors and Actuators A: Physical},
	volume={189},
	pages={254--265},
	year={2013},
	publisher={Elsevier}
}


@Incolection{grimble2020,
	author={Grimble, Michael J. and Majecki, Pawe{\l}},
	title={Introduction to Nonlinear Systems Modelling and Control},
	bookTitle={Nonlinear Industrial Control Systems: Optimal Polynomial Systems and State-Space Approach},
	year={2020},
	publisher={Springer London},
	address={London},
	pages={3--63}
}


@Incolection{zhou2008,
	author={Zhou, Jing and Wen, Changyun},
	title={Nonsmooth Nonlinearities},
	bookTitle={Adaptive Backstepping Control of Uncertain Systems: Nonsmooth Nonlinearities, Interactions or Time-Variations},
	year={2008"},
	publisher={Springer Berlin Heidelberg},
	address={Berlin, Heidelberg},
	pages={83--96}
}



@article{borjas2012,
	title={Identifica{\c{c}}{\~a}o determin{\'\i}stica por subespa{\c{c}}os},
	author={Borjas, Santos Demetrio Miranda and Garcia, Claudio},
	journal={TEMA (S{\~a}o Carlos)},
	volume={13},
	pages={207--218},
	year={2012},
	publisher={SciELO Brasil}
}

@inbook{bai2010,
	title={Introduction to Block-oriented Nonlinear Systems},
	author={Bai, Er-Wei},
	booktitle={Block-oriented Nonlinear System Identification},
	pages={03--10},
	year={2010},
	publisher={Springer}
}

@article{Chen2011,
	author = {Chen, Xing-Min and Chen, Han-Fu},
	title = {Recursive identification for {MIMO} {H}ammerstein systems},
	year = {2011},
	journal = {IEEE Transactions on Automatic Control},
	volume = {56},
	number = {4},
	pages = {895 – 902}
}


@Book{aguirre2015,
	title     = {Introdu{\c{c}}{\~a}o {\`a} identifica{\c{c}}{\~a}o de sistemas -- T{\'e}cnicas
	lineares e n{\~a}o lineares aplicadas a sistemas reais},
	publisher = {Editora UFMG},
	year      = {2015},
	author    = {Luis Antônio Aguirre},
	edition   = {4ª},
	address   = {Belo Horizonte, Brasil}
}

@article{li2021,
	title={A novel learning algorithm of the neuro-fuzzy based {H}ammerstein--{W}iener model corrupted by process noise},
	author={Li, Feng and Yao, Keming and Li, Bo and Jia, Li},
	journal={Journal of the Franklin Institute},
	volume={358},
	number={3},
	pages={2115--2137},
	year={2021},
	publisher={Elsevier}
}

@Book{garcia2009,
	title   = {Modelagem e simulação de processos industriais e de sistemas eletromecânicos},
	year    = {2009},
	author  = {Cláudio Garcia},
	publisher  = {Edusp},
	address   = {São Paulo, Brasil},
	edition = {2ª}
}

@article{kian2013,
	title={Subspace identification of {SISO} {H}ammerstein systems: application to stretch reflex identification},
	author={Jalaleddini, Kian and Kearney, Robert E},
	journal={IEEE Transactions on Biomedical Engineering},
	volume={60},
	number={10},
	pages={2725--2734},
	year={2013},
	publisher={IEEE}
}

@Book{lennart1999system,
	title={System identification: theory for the user},
	author={Ljung, Lennart},
	journal={PTR Prentice Hall, Upper Saddle River, NJ},
	pages={1--14},
	publisher = {Pearson},
	year={1999}
}

@article{narendra1966,
	title={An iterative method for the identification of nonlinear systems using a {H}ammerstein model},
	author={Narendra, K and Gallman, P},
	journal={IEEE Transactions on Automatic control},
	volume={11},
	number={3},
	pages={546--550},
	year={1966},
	publisher={IEEE}
}

@article{depaula2015,
	title={Identifica{\c{c}}{\~a}o de Modelos de {H}ammerstein e {W}iener para Sistemas Não Lineares Multivari{\'a}veis via M{\'e}todos de Subespa{\c{c}}os},
	author={{de Paula}, Marcus Vinicius and Ricco, Rodrigo Augusto and Teixeira, Bruno Ot{\'a}vio Soares},
	journal={XII Simp{\'o}sio Brasileiro de Automa{\c{c}}{\~a}o Inteligente},
	year={2015}
}

@Book{ogata,
	title   = {Modern control engineering},
	year    = {2010},
	author  = {Katsuhiko Ogata},
	publisher = {Prentice hall Upper Saddle River, NJ},
	edition = {5ª},
}

@inproceedings{li2022,
	title={Nonlinear Identification and Control of the {H}ammerstein System with Application to {pH} Neutralization Process},
	author={Li, Chenghao and Li, Feng and Cao, Qingfeng},
	booktitle={2022 34th Chinese Control and Decision Conference (CCDC)},
	pages={323--327},
	year={2022},
	organization={IEEE}
}

@article{zou2015,
	title={Pole-placement self-tuning control of nonlinear {H}ammerstein system and its application to p{H} process control},
	author={Zou, Zhiyun and Zhao, Dandan and Liu, Xinghong and Guo, Yuqing and Guan}, 
	journal={Chinese Journal of Chemical Engineering},
	volume={23},
	number={8},
	pages={1364--1368},
	year={2015},
	publisher={Elsevier}
}

@MastersThesis{ricco2012,
	author = {Rodrigo Augusto Ricco},
	title  = {Identifica{\c{c}}{\~a}o de Sistemas Utilizando M{\'e}todos de Subespa{\c{c}}os},
	school = {Universidade Federal de Minas Gerais},
	year   = {2012}
}

@article{zhang2017,
	title={Intelligent control for {H}ammerstein nonlinear systems with arbitrary deadzone input},
	author={Zhang, Bi and Mao, Zhizhong and Zhang, Tingfeng},
	journal={Transactions of the Institute of Measurement and Control},
	volume={39},
	number={4},
	pages={567--578},
	year={2017},
	publisher={SAGE Publications Sage UK: London, England}
}

@MastersThesis{dePaula2016,
	author = {{de P}aula, Marcus Vinícius},
	title  = {Identifica{\c{c}}{\~a}o de Modelos de {H}ammerstein e {W}iener para Sistemas N{\~a}o Lineares Multivari{\'a}veis Utilizando M{\'e}todos de Subespa{\c{c}}os},
	school = {Universidade Federal de Minas Gerais},
	year   = {2016}
}

@article{gomez2005,
	title={Subspace-based identification algorithms for {H}ammerstein and {W}iener models},
	author={G{\'o}mez, Juan C and Baeyens, Enrique},
	journal={European Journal of Control},
	volume={11},
	number={2},
	pages={127--136},
	year={2005},
	publisher={Elsevier}
}

@article{santos2021,
	title={Nova Abordagem para Lineariza{\c{c}}{\~a}o de Modelos de {H}ammerstein Identificados por M{\'e}todos de Subespa{\c{c}}o},
	author={Santos, Lu{\'i}s Henrique and Braga, M{\'a}rcio Feliciano and Ricco, Rodrigo Augusto},
	journal={XV Simp{\'o}sio Brasileiro de Automa{\c{c}}{\~a}o Inteligente (SBAI 2021)},
	year={2021}
}


@article{jia2005,
	title={A noniterative neuro-fuzzy based identification method for {H}ammerstein processes},
	author={Jia, Li and Chiu, Min-Sen and Ge, Shuzhi Sam},
	journal={Journal of Process Control},
	volume={15},
	number={7},
	pages={749--761},
	year={2005},
	publisher={Elsevier}
}

@article{jia2016,
	title={The identification of neuro-fuzzy based {MIMO} {H}ammerstein model with separable input signals},
	author={Jia, Li and Li, Xunlong and Chiu, Min-Sen},
	journal={Neurocomputing},
	volume={174},
	pages={530--541},
	year={2016},
	publisher={Elsevier}
}

@article{sung2002,
	title={System identification method for {H}ammerstein processes},
	author={Sung, Su Whan},
	journal={Industrial \& Engineering Chemistry Research},
	volume={41},
	number={17},
	pages={4295--4302},
	year={2002},
	publisher={ACS Publications}
}

@article{takagi1985,
	title={Fuzzy identification of systems and its applications to modeling and control},
	author={Takagi, Tomohiro and Sugeno, Michio},
	journal={IEEE Transactions on Systems, Man, and Cybernetics},
	volume={SMC-15},
	number={1},
	pages={116--132},
	year={1985},
	publisher={IEEE}
}




@article{quaranta2020,
	title={A review on computational intelligence for identification of nonlinear dynamical systems},
	author={Quaranta, Giuseppe and Lacarbonara, Walter and Masri, Sami F},
	journal={Nonlinear Dynamics},
	volume={99},
	number={2},
	pages={1709--1761},
	year={2020},
	publisher={Springer}
}

@article{li2017,
	title={Identification method of neuro-fuzzy-based {H}ammerstein model with coloured noise},
	author={Li, Feng and Li, Jia and Peng, Daogang},
	journal={IET Control Theory \& Applications},
	volume={11},
	number={17},
	pages={3026--3037},
	year={2017},
	publisher={Wiley Online Library}
}

@article{hou2022,
	title={Consistent subspace identification of errors-in-variables {H}ammerstein systems},
	author={Hou, Jie and Su, Hao and Yu, Chengpu and Chen, Fengwei and Li, Penghua and Xie, Haofei and Li, Taifu},
	journal={IEEE Transactions on Systems, Man, and Cybernetics: Systems},
	volume={53},
	number={4},
	pages={2292--2303},
	year={2022},
	publisher={IEEE}
}

@book{nelles2020,
	title={Nonlinear dynamic system identification},
	author={Nelles, Oliver},
	year={2020},
	publisher={Springer}
}

@book{billings2013,
	title={Nonlinear system identification: {NARMAX} methods in the time, frequency, and spatio-temporal domains},
	author={Billings, Stephen A},
	year={2013},
	publisher={John Wiley \& Sons}
}

@article{chen1989,
	title={Representations of non-linear systems: the {NARMAX} model},
	author={Chen, Sheng and Billings, Steve A},
	journal={International journal of control},
	volume={49},
	number={3},
	pages={1013--1032},
	year={1989},
	publisher={Taylor \& Francis}
}

@book{nijmeijer2016,
	title={Nonlinear dynamical control systems},
	author={Nijmeijer, Henk and Van der Schaft, Arjan},
	volume={464},
	year={2016},
	publisher={Springer}
}



@phdthesis{araujo2011,
	title={Controle e Observa{\c{c}}{\~a}o de Estado em Sistemas Descritores Lineares Sujeitos a Restri{\c{c}}{\~o}es},
	author={Ar{\'a}ujo, Jos{\'e} M{\'a}rio},
	year={2011},
	school={Tese de doutorado, Universidade Federal da Bahia}
}


@article{sun1995,
	title={Perturbation bounds for the generalized Schur decomposition},
	author={Sun, Ji-guang},
	journal={SIAM journal on matrix analysis and applications},
	volume={16},
	number={4},
	pages={1328--1340},
	year={1995},
	publisher={SIAM}
}





@Masterthesis{ricco2019,
	author = {Ricco, Rodrigo},
	year = {2019},
	month = {09},
	school = {Universidade Federal de Minas Gerais},
	title = {Identification of Dynamical Systems in State-space: Gray-box Approaches}
}




@inproceedings{liu2022,
	title={Modeling of dynamic hysteresis nonlinearity for piezo-positioning actuators},
	author={Liu, Haotian and Han, Xue and Shang, Fengying and Zhang, Guilin},
	booktitle={2022 34th Chinese Control and Decision Conference (CCDC)},
	pages={5958--5963},
	year={2022},
	organization={IEEE}
}





@inproceedings{ribeiro2014,
	title={Rela{\c{c}}oes Est{\'a}ticas de Modelos {NARX MISO} e sua Representa{\c{c}}ao de {H}ammerstein},
	author={Ribeiro, Ant{\^o}nio H and Aguirre, Luis A},
	booktitle={XX Congresso Brasileiro de Autom{\'a}tica},
	year={2014}
}

@inproceedings{ma2018,
	title={Disturbance observer based discrete time sliding mode control for a continuous stirred tank reactor},
	author={Ma, Luning and Zhao, Dongya and Spurgeon, Sarah K},
	booktitle={2018 15th International Workshop on Variable Structure Systems (VSS)},
	pages={372--377},
	year={2018},
	organization={IEEE}
}

@article{rojas2008,
	title={Design and implementation of a water tank control system employing a{ MIMO PID} controller},
	author={Rojas-Moreno, Arturo and Parra-Quispe, Arturo},
	journal={Faculty of Electrical and Electronic Engineering, National University of Engineering Lima},
	year={2008}
}


@article{berruezo2016,
	title={Projeto de controladores para sistemas n{\~a}o lineares via t{\'e}cnicas baseadas em escalonamento de ganhos},
	author={Berruezo, Mateus Paresqui},
	year={2016},
	publisher={Universidade Federal de Minas Gerais}
}

@article{bodizs1999,
	title={Convolution model based predictive controller for a nonlinear process},
	author={Bodizs, Arpad and Szeifert, Ferenc and Chovan, Tibor},
	journal={Industrial \& engineering chemistry research},
	volume={38},
	number={1},
	pages={154--161},
	year={1999},
	publisher={ACS Publications}
}

@article{hurley,
	title={Electromagnetic design of a magnetic suspension system},
	author={Hurley, William G and Wolfle, Werner H},
	journal={IEEE Transactions on education},
	volume={40},
	number={2},
	pages={124--130},
	year={1997},
	publisher={IEEE}
}

@MasterTesis{evandro,
	title={Simula{\c{c}}{\~a}o e controle de um {LEVMAG} numa plataforma gr{\'a}fica de desenvolvimento ({L}ab{VIEW})},
	author={Rech, Evandro},
	school = {Instituto Federal de Educação, Ciência e Tecnologia de São Paulo},
	year={2013}
}

@book{franklin,
	title={Sistemas de controle para engenharia},
	author={Franklin, Gene F and Powell, J David and Emami-Naeini, Abbas},
	year={2013},
	publisher={Bookman Editora}
}



@article{abreu2021,
	title={Identification and compensator design using NARX models},
	author={Abreu, Petrus Emmanuel Oliveira Gomes Brant and others},
	year={2021},
	publisher={Universidade Federal de Minas Gerais}
}



@article{flores2010,
	title={Estrat{\'e}gia de controle para o seguimento de refer{\^e}ncias em sistemas de tempo discreto com atuadores saturantes},
	author={Flores, Jeferson Vieira and Silva Jr, Jo{\~a}o Manoel Gomes da},
	journal={Sba: Controle \& Automa{\c{c}}{\~a}o Sociedade Brasileira de Automatica},
	volume={21},
	pages={14--28},
	year={2010},
	publisher={SciELO Brasil}
}

@book{bernstein2009,
	title={Matrix mathematics},
	author={Bernstein, Dennis S},
	booktitle={Matrix Mathematics},
	year={2009},
	publisher={Princeton university press}
}

@misc{pedro2018,
	Author = {Peres, Pedro L. D. and Oliveira, Ricardo C. L. F.},
	publisher =  {Universidade Estadual de Campinas},
	Howpublished = "\url{https://www.dt.fee.unicamp.br/~ricfow/IA892/cont_dinamico.pdf}",
	Year = {2021},
	Title = {Aula 11: Controladores Dinâmicos},
	note = "[Online; accessed 03-February-2023]"
}

@article{silva2004,
	title={Anti-windup design with guaranteed regions of stability for discrete-time linear systems with saturating controls},
	author={{Silva Jr}, Jo{\~a}o Manoel Gomes da and Reginatto, Romeu and Tarbouriech, Sophie},
	journal={Sba: Controle \& Automa{\c{c}}{\~a}o Sociedade Brasileira de Automatica},
	volume={15},
	pages={3--9},
	year={2004},
	publisher={SciELO Brasil}
}


@book{mzyk2014,
	title={Combined parametric-nonparametric identification of block-oriented systems},
	author={Mzyk, Grzegorz},
	volume={454},
	year={2014},
	publisher={Springer}
}



@book{sastry2013,
	title={Nonlinear systems: analysis, stability, and control},
	author={Sastry, Shankar},
	volume={10},
	year={2013},
	publisher={Springer Science \& Business Media}
}





@article{li2021,
	title={A novel learning algorithm of the neuro-fuzzy based {H}ammerstein--{W}iener model corrupted by process noise},
	author={Li, Feng and Yao, Keming and Li, Bo and Jia, Li},
	journal={Journal of the Franklin Institute},
	volume={358},
	number={3},
	pages={2115--2137},
	year={2021},
	publisher={Elsevier}
}

@Book{garcia2013,
	title   = {Modelagem e simulação de processos industriais e de sistemas eletromecânicos},
	year    = {2013},
	author  = {Cláudio Garcia},
	publisher  = {Edusp},
	address   = {São Paulo, Brasil},
	edition = {2ª}
}



@Book{lennart1999,
	title={System identification: theory for the user},
	author={Ljung, Lennart},
	journal={PTR Prentice Hall, Upper Saddle River, NJ},
	pages={1--14},
	publisher = {Pearson},
	year={1999}
}


@Book{ogata2010,
	title   = {Modern control engineering},
	year    = {2010},
	author  = {Katsuhiko Ogata},
	publisher = {Prentice hall Upper Saddle River, NJ},
	edition = {5ª},
}



@MastersThesis{ricco2012,
	author = {Rodrigo Augusto Ricco},
	title  = {Identificação de Sistemas Utilizando Métodos de Subespaços},
	school = {Universidade Federal de Minas Gerais},
	year   = {2012}
}



@MastersThesis{dePaula2016,
	author = {{de P}aula, Marcus Vinícius},
	title  = {Identificação de Modelos de {H}ammerstein e {W}iener para Sistemas Não Lineares Multivariáveis Utilizando Métodos de Subespaços},
	school = {Universidade Federal de Minas Gerais},
	year   = {2016}
}



@article{abreu2020,
	title={Identification and nonlinearity compensation of hysteresis using {NARX} models},
	author={Abreu, Petrus E O G B and Tavares, Lucas A and Teixeira, Bruno O S and Aguirre, Luis A},
	journal={Nonlinear Dynamics},
	volume={102},
	number={1},
	pages={285--301},
	year={2020},
	doi = {"10.1.1/jpb001"},
	publisher={Springer}
}


@article{tavares2022,
	title={Nonlinearity compensation based on identified {NARX} polynomials models},
	author={Tavares, Lucas A and Abreu, Petrus E O G B and Aguirre, Luis A},
	journal={Nonlinear Dynamics},
	volume={107},
	number={1},
	pages={709--725},
	year={2022},
	publisher={Springer}
}


@inproceedings{radouane2014,
	title={Parameter identification of {H}ammerstein systems with {B}ouc-{W}en hysteresis input nonlinearity},
	author={Radouane, Abdelhadi and Ahmed-Ali, Tarek and Giri, Fouad},
	booktitle={2014 European Control Conference (ECC)},
	pages={684--689},
	year={2014},
	organization={IEEE}
}

@article{noel2017,
	title={A nonlinear state-space approach to hysteresis identification},
	author={No{\"e}l, Jean-Philippe and Esfahani, A Fakhrizadeh and Kerschen, Gaetan and Schoukens, Johan},
	journal={Mechanical Systems and Signal Processing},
	volume={84},
	pages={171--184},
	year={2017},
	publisher={Elsevier}
}


@article{Wang2002,
	title={A new subspace identification approach based on principal component analysis},
	author={Wang, Jin and Qin, S Joe},
	journal={Journal of process control},
	volume={12},
	number={8},
	pages={841--855},
	year={2002},
	publisher={Elsevier}
}

%% \usepackage[T1]{fontenc}
@inproceedings{fracz2016,
	title={Nonlinear modeling of activated sludge process using the {H}ammerstein-{W}iener structure},
	author={Fr{\k{a}}cz, Pawe{\l}}, 
	booktitle={E3S Web of Conferences},
	volume={10},
	pages={00119},
	year={2016},
	organization={EDP Sciences}
}


@article{Ricco2020,
	title={Mapping prior information onto LMI eigenvalue-regions for discrete-time subspace identification},
	author={Ricco, Rodrigo A and Teixeira, Bruno OS},
	journal={IET Control Theory \& Applications},
	volume={14},
	number={2},
	pages={358--366},
	year={2020},
	publisher={Wiley Online Library}
}


@article{Miller2013,
	title={Subspace identification with eigenvalue constraints},
	author={Miller, Daniel N and De Callafon, Raymond A},
	journal={Automatica},
	volume={49},
	number={8},
	pages={2468--2473},
	year={2013},
	publisher={Elsevier}
}


@article{lacy2003,
	title={Subspace identification with guaranteed stability using constrained optimization},
	author={Lacy, Seth L and Bernstein, Dennis S},
	journal={IEEE Transactions on automatic control},
	volume={48},
	number={7},
	pages={1259--1263},
	year={2003},
	publisher={IEEE}
}


@inproceedings{yu2017,
	title={Subspace identification of continuous-time models using generalized orthonormal bases},
	author={Yu, Chengpu and Chen, Jie and Ljung, Lennart and Verhaegen, Michel},
	booktitle={2017 IEEE 56th Annual Conference on Decision and Control (CDC)},
	pages={5280--5285},
	year={2017},
	organization={IEEE}
}

@article{van2001,
	title={Identification of stable models in subspace identification by using regularization},
	author={Van Gestel, Tony and Suykens, Johan AK and Van Dooren, Paul and De Moor, Bart},
	journal={IEEE Transactions on Automatic control},
	volume={46},
	number={9},
	pages={1416--1420},
	year={2001},
	publisher={IEEE}
}


@inproceedings{haverkamp1998,
	title={Subspace identification of continuous-time {W}iener models},
	author={Haverkamp, BRJ and Chou, CT and Verhaegen, U},
	booktitle={Proceedings of the 37th IEEE Conference on Decision and Control (Cat. No. 98CH36171)},
	volume={2},
	pages={1846--1847},
	year={1998},
	organization={IEEE}
}


@article{van1996,
	title={Continuous-time frequency domain subspace system identification},
	author={Van Overschee, Peter and De Moor, Bart},
	journal={Signal Processing},
	volume={52},
	number={2},
	pages={179--194},
	year={1996},
	publisher={Elsevier}
}

@article{verhaegen1992a,
	title={Subspace Model Identification part 1: The Output-Error State-Space Model Identification Class of Algorithms},
	author={Verhaegen, Michel and Dewilde, Patrick},
	journal={International Journal of Control},
	number = {5},
	volume={56},
	pages={1187--1210},
	year={1992},
	publisher={Taylor \& Francis}
}

@article{verhaegen1992b,
	title={Subspace model identification part 2: Analysis of the elementary output-error state-space model identification algorithm},
	author={Verhaegen, Michel and Dewilde, Patrick},
	journal={International journal of control},
	volume={56},
	number={5},
	pages={1211--1241},
	year={1992},
	publisher={Taylor \& Francis}
}


@article{van1994,
	title={{N4SID}: Subspace algorithms for the identification of combined deterministic-stochastic systems},
	author={Van Overschee, Peter and De Moor, Bart},
	journal={Automatica},
	volume={30},
	number={1},
	pages={75--93},
	year={1994},
	publisher={Elsevier}
}

@inproceedings{larimore1990,
	title={Canonical variate analysis in identification, filtering, and adaptive control},
	author={Larimore, Wallace E},
	booktitle={29th IEEE Conference on Decision and control},
	pages={596--604},
	year={1990},
	organization={IEEE}
}


@article{hagenblad1999,
	title={Aspects of the identification of {W}iener models},
	author={Hagenblad, Anna},
	year={1999},
	publisher={Link{\"o}ping University Electronic Press}
}

@book{ledoux1996,
	title={Identification of siso nonlinear {W}iener systems},
	author={Ledoux, Corinne},
	year={1996},
	publisher={Link{\"o}ping University Electronic Press}
}

@article{chang1971,
	title={A noniterative method for identification using {H}ammerstein model},
	author={Chang, F and Luus, Rein},
	journal={IEEE Transactions on Automatic control},
	volume={16},
	number={5},
	pages={464--468},
	year={1971},
	publisher={IEEE}
}

@article{stoica1982,
	title={Instrumental-variable methods for identification of {H}ammerstein systems},
	author={Stoica, Petre and S{\"o}derstrom, Torsten},
	journal={International Journal of Control},
	volume={35},
	number={3},
	pages={459--476},
	year={1982},
	publisher={Taylor \& Francis}
}

@inproceedings{billings1978,
	title={Identification of a class of nonlinear systems using correlation analysis},
	author={Billings, SA and Fakhouri, SY},
	booktitle={Proceedings of the Institution of Electrical Engineers},
	volume={125},
	number={7},
	pages={691--697},
	year={1978},
	organization={IET}
}



@article{sung2008,
	title={Vibration control of vehicle {ER} suspension system using fuzzy moving sliding mode controller},
	author={Sung, Kum-Gil and Han, Young-Min and Cho, Jae-Wan and Choi, Seung-Bok},
	journal={Journal of Sound and Vibration},
	volume={311},
	number={3-5},
	pages={1004--1019},
	year={2008},
	publisher={Elsevier}
}

@inproceedings{jia2004,
	title={Adaptive neuro-fuzzy identification method of {H}ammerstein model},
	author={Jia, Li and Chiu, Min-Sen and Ge, Shuzhi Sam and Wang, Zhuping},
	booktitle={IEEE Conference on Cybernetics and Intelligent Systems, 2004.},
	volume={2},
	pages={937--942},
	year={2004},
	organization={IEEE}
}



@book{ying2000,
	title={Fuzzy control and modeling: analytical foundations and applications},
	author={Ying, Hao},
	year={2000},
	publisher={Wiley-IEEE Press}
}





@MastersThesis{correa1997,
	title={Idenfica{\c{c}}{\~a}o de sistemas din{\^a}micos n{\~a}o lineares utilizando modelos narmax racionais: aplica{\c{c}}{\~a}o a sistemas reais},
	author={Corrêa, Marcelo Vieira},
	year={1997},
	publisher={Universidade Federal de Minas Gerais}
}


@article{borjas2013,
	title={Identifica{\c{c}}{\~a}o de sistemas n{\~a}o lineares usando m{\'e}todos por subespa{\c{c}}os},
	author={Borjas, Santos DM and Garcia, Claudio},
	journal={Proceeding Series of the Brazilian Society of Computational and Applied Mathematics},
	volume={1},
	number={1},
	year={2013}
}

@Book{lennart1999,
	title={System identification: theory for the user},
	author={Ljung, Lennart},
	journal={PTR Prentice Hall, Upper Saddle River, NJ},
	pages={1--14},
	year={1999}
}

@MastersThesis{binkowski2016,
	title={S{\'\i}ntese das t{\'e}cnicas de identifica{\c{c}}{\~a}o de sistemas n{\~a}o lineares: estruturas de modelo de {H}ammerstein-{W}iener e {NARMAX}},
	author={Binkowski, Cassio},
	year={2016},
	publisher={Universidade do Vale do Rio dos Sinos}
}


@Book{stewart2013,
	title     = {Cálculo},
	publisher = {Tradução EZ2 Translate},
	year      = {2013},
	author    = {James Stewart},
	edition   = {1ª},
	volume    = {1}
}



@Book{garcia2009,
	title   = {Modelagem e simulação de processos industriais e de sistemas eletromecânicos},
	year    = {2009},
	author  = {Cláudio Garcia},
	editor  = {Edusp},
	edition = {2ª}
}


@Book{ogunnaike1994,
	title     = {Process dynamics, modeling, and control},
	publisher = {Oxford University Press},
	year      = {1994},
	author    = {Babatunde A. Ogunnaike and W. Harmon Ray},
	editor    = {Keith E. Gubbins},
	edition   = {1ª}
}


@Article{rayouf2018,
	author  = {Zeineb Rayouf and Chekib Ghorbel and Naceur Braiek},
	title   = {A new {H}ammerstein model control strategy: feedback stabilization and stability analysis},
	journal = {International Journal of Dynamics and Control},
	year    = {2018},
	volume  = {7},
	number  = {4},
	pages   = {1453-1461}
}




@article{rosinova2019,
	title={{LMI} Pole Regions for a Robust Discrete-Time Pole Placement Controller Design},
	author={Rosinov{\'a}, Danica and Hypiusov{\'a}, M{\'a}ria},
	journal={Algorithms},
	volume={12},
	number={8},
	pages={167},
	year={2019},
	publisher={Multidisciplinary Digital Publishing Institute}
}

@MastersThesis{ricco2012,
	author = {Rodrigo Augusto Ricco},
	title  = {Identifica{\c{c}}{\~a}o de Sistemas Utilizando M{'e}todos de Subespa{\c{c}}os},
	school = {Universidade Federal de Minas Gerais},
	year   = {2012}
}

@MastersThesis{dePaula2016,
	author = {de Paula, Marcus Vinícius},
	title  = {Identifica{\c{c}}{\~a}o de Modelos de {H}ammerstein e {W}iener para Sistemas N{\~a}o Lineares Multivari{\'a}veis Utilizando M{\'e}todos de Subespa{\c{c}}os},
	school = {Universidade Federal de Minas Gerais},
	year   = {2016}
}



@article{sturm1999,
	title={Using {S}e{D}u{M}i 1.02, a {MATLAB} toolbox for optimization over symmetric cones},
	author={Sturm, Jos F},
	journal={Optimization methods and software},
	volume={11},
	number={1-4},
	pages={625--653},
	year={1999},
	publisher={Taylor \& Francis}
}


@inproceedings{kian2011,
	title={An identification algorithm for {H}ammerstein systems using subspace method},
	author={Jalaleddini, Kian and Kearney, Robert E},
	booktitle={Proceedings of the 2011 American Control Conference},
	pages={4793--4797},
	year={2011},
	organization={IEEE}
}


@article{cerone2013,
	title={Bounding the parameters of block-structured nonlinear feedback systems},
	author={Cerone, Vito and Piga, Dario and Regruto, Diego},
	journal={International Journal of Robust and Nonlinear Control},
	volume={23},
	number={1},
	pages={33--47},
	year={2013},
	publisher={Wiley Online Library}
}


@article{van1981,
	title={D-stability},
	author={van Veldhuizen, Marinus},
	journal={SIAM Journal on Numerical Analysis},
	volume={18},
	number={1},
	pages={45--64},
	year={1981},
	publisher={SIAM}
}


@inproceedings{hong2006,
	title={A pole assignment controller for {B}ezier--{B}ernstein polynomial based {H}ammerstein model},
	author={Hong, X and Mitchell, RJ},
	booktitle={Proceedings of International Control Conference (ICC) 2006},
	year={2006}
}

@article{hong2012,
	title={Modelling and control of {H}ammerstein system using B-spline approximation and the inverse of {D}e {B}oor algorithm},
	author={Hong, Xia and Mitchell, Richard J and Chen, Sheng},
	journal={International Journal of Systems Science},
	volume={43},
	number={10},
	pages={1976--1984},
	year={2012},
	publisher={Taylor \& Francis}
}





@MastersThesis{santos2007,
	author = {José Eli Santos dos Santos},
	title  = {Controle preditivo n{\~a}o-linear para sistemas de {H}ammerstein},
	school = {Universidade Federal de Santa Catarina},
	year   = {2007}
}

@article{correa2004id,
	title={Identifica{\c{c}}{\~a}o n{\~a}o-linear caixa-cinza: uma revis{\~a}o e novos resultados},
	author={Corr{\^e}a, Marcelo V and Aguirre, Luis A},
	journal={Sba: Controle \& Automa{\c{c}}{\~a}o Sociedade Brasileira de Automatica},
	volume={15},
	number={2},
	pages={109--126},
	year={2004},
	publisher={SciELO Brasil}
}

@article{figueroa2013,
	title={Robust model predictive control of a {W}iener-like system},
	author={Figueroa, Jos{\'e} L and Biagiola, Silvina I and {\'A}lvarez, Marcela P and Castro, Liliana R and Agamennoni, Osvaldo E},
	journal={Journal of the Franklin Institute},
	volume={350},
	number={3},
	pages={556--574},
	year={2013},
	publisher={Elsevier}
}


@article{biagiola2016,
	title={Robust control of {W}iener systems: application to a p{H} neutralization process},
	author={Biagiola, Silvina Ines and Agamennoni, Osvaldo Enrique and Figueroa, Jose Luis},
	journal={Brazilian Journal of Chemical Engineering},
	volume={33},
	pages={145--153},
	year={2016},
	publisher={SciELO Brasil}
}


@article{li2016,
	title={Model predictive control of an intensified continuous reactor using a neural network {W}iener model},
	author={Li, Shi and Li, Yueyang},
	journal={Neurocomputing},
	volume={185},
	pages={93--104},
	year={2016},
	publisher={Elsevier}
}


@article{zhang2018,
	title={Nonlinear model predictive control based on piecewise linear {H}ammerstein models},
	author={Zhang, Jian and Chin, Kwai-Sang and {\L}awry{\'n}czuk, Maciej},
	journal={Nonlinear Dynamics},
	volume={92},
	number={3},
	pages={1001--1021},
	year={2018},
	publisher={Springer}
}





@article{gao2015,
	title={Identification and control for {H}ammerstein systems with hysteresis non-linearity},
	author={Gao, Xuehui and Ren, Xuemei and Zhu, Changsheng and Zhang, Chengyuan},
	journal={IET Control Theory \& Applications},
	volume={9},
	number={13},
	pages={1935--1947},
	year={2015},
	publisher={IET}
}

@article{steven2007,
	title={Identification and control for heart rate regulation during treadmill exercise},
	author={Su, Steven W and Wang, Lu and Celler, Branko G and Savkin, Andrey V and Guo, Ying},
	journal={IEEE Transactions on Biomedical Engineering},
	volume={54},
	number={7},
	pages={1238--1246},
	year={2007},
	publisher={IEEE}
}


@article{najafabadi2016,
	title={Model predictive control of blood sugar in patients with type-1 diabetes},
	author={Najafabadi, Hamed Abedini and Shahrokhi, Mohammad},
	journal={Optimal Control Applications and Methods},
	volume={37},
	number={4},
	pages={559--573},
	year={2016},
	publisher={Wiley Online Library}
}





@article{verhaegen1994,
	title={Identification of the deterministic part of {MIMO} state space models given in innovations form from input-output data},
	author={Verhaegen, Michel},
	journal={Automatica},
	volume={30},
	number={1},
	pages={61--74},
	year={1994},
	publisher={Elsevier}
}	

@inproceedings{roy2016,
	title={Level control of two tank system by fractional order integral state feedback controller tuned by {PSO} with experimental validation},
	author={Roy, Prasanta and Kar, Biprajeet and Kumar, Aman and Roy, Binoy Krishna},
	booktitle={2016 IEEE First International Conference on Control, Measurement and Instrumentation (CMI)},
	pages={224--228},
	year={2016},
	organization={IEEE}
}

@article{peaucelle2000,
	title={A new robust {D}-stability condition for real convex polytopic uncertainty},
	author={Peaucelle, Dimitri and Arzelier, Denis and Bachelier, Olivier and Bernussou, Jacques},
	journal={Systems \& Control Letters},
	volume={40},
	number={1},
	pages={21--30},
	year={2000},
	publisher={Elsevier}
}


@inproceedings{lofberg2004,
	title={{YALMIP}: a toolbox for modeling and optimization in {MATLAB}},
	author={Lofberg, Johan},
	booktitle={2004 IEEE International Conference on Robotics and Automation (IEEE Cat. No. 04CH37508)},
	pages={284--289},
	year={2004},
	organization={IEEE}
}


@incollection{bai2010ts,
	title={An optimal two-stage identification algorithm for {H}ammerstein--{W}iener Nonlinear Systems},
	author={Bai, Er-Wei},
	booktitle={Block-oriented Nonlinear System Identification},
	pages={27--34},
	year={2010},
	publisher={Springer}
}


@inproceedings{contzen2017,
	title={Robust {PI} design with Pole Allocation for {MIMO} Systems using {LMI}},
	author={Contzen, Miguel Parada},
	booktitle={2017 25th Mediterranean Conference on Control and Automation (MED)},
	pages={882--887},
	year={2017},
	organization={IEEE}
}



@inproceedings{ljung2010,
	title={Approaches to identification of nonlinear systems},
	author={Ljung, Lennart},
	booktitle={Proceedings of the 29th Chinese Control Conference},
	pages={1--5},
	year={2010},
	organization={IEEE}
}



@Book{boyd1994,
	title     = {Linear matrix inequalities in system and control theory},
	publisher = {Society for Industrial and Applied Mathematics},
	year      = {1994},
	author    = {Stephen Boyd and Laurent El Ghaoui and E. Feron and V. Balakrishnan},
	volume    = {15},
	series    = {Studies in Applied and Numerical Mathematics},
}


@Book{nise2002,
	title     = {Engenharia de sistemas de controle},
	publisher = {John Wiley \& Sons},
	year      = {2002},
	author    = {Norman S. Nise},
	editor    = {LTC},
	edition   = {3ª},
}




@book{stewart2009,
	title={Calculus: concepts and contexts},
	author={Stewart, James},
	year={2009},
	publisher={Cengage Learning}
}


%substitui a dissertação do Rodrigo
@book{verhaegen2007,
	title={Filtering and system identification: a least squares approach},
	author={Verhaegen, Michel and Verdult, Vincent},
	year={2007},
	publisher={Cambridge University Press}
}


%substitui o artigo do  Marcelo Vieira Correa
@book{bohlin2006,
	title={Practical grey-box process identification: theory and applications},
	author={Bohlin, Torsten P},
	year={2006},
	publisher={Springer Science \& Business Media}
}


@book{giri2010,
	title={Block-oriented nonlinear system identification},
	author={Giri, Fouad and Bai, Er-Wei},
	volume={1},
	year={2010},
	publisher={Springer}
}


@article{haryanto2013,
	title={Maximum likelihood identification of {W}iener--{H}ammerstein models},
	author={Haryanto, Ade and Hong, Keum-Shik},
	journal={Mechanical Systems and Signal Processing},
	volume={41},
	number={1-2},
	pages={54--70},
	year={2013},
	publisher={Elsevier}
}



% Substitui o artigo do Marcelo vieira correa
@article{karplus1977,
	title={The spectrum of mathematical modeling and systems simulation},
	author={Karplus, Walter J},
	journal={ACM SIGSIM Simulation Digest},
	volume={9},
	number={1},
	pages={32--38},
	year={1977},
	publisher={ACM New York, NY, USA}
}


% Substitui a dissertação do Marcus
@article{greblicki1986,
	title={Identification of discrete {H}ammerstein systems using kernel regression estimates},
	author={Greblicki, Wlodzimierz and Pawlak, Miroslaw},
	journal={IEEE Transactions on Automatic Control},
	volume={31},
	number={1},
	pages={74--77},
	year={1986},
	publisher={IEEE}
}

@article{greblicki2004,
	title={Nonlinearity recovering in {W}iener system driven with correlated signal},
	author={Greblicki, Wlodzimierz},
	journal={IEEE Transactions on Automatic Control},
	volume={49},
	number={10},
	pages={1805--1812},
	year={2004},
	publisher={IEEE}
}





@article{bomfim2021,
	title={A Novel Hybrid ({PID} + {MRAC}) Adaptive Controller for an Air Levitation System},
	author={Bomfim, Marcelo Henrique Souza and Lima {II}, Eduardo Jos{\'e} and Monteiro, Neemias Silva and Dias, Andr{\'e} Lage Almeida},
	journal={IEEE Latin America Transactions},
	volume={19},
	number={8},
	pages={1400--1409},
	year={2021},
	publisher={IEEE}
}
